% This file was created with JabRef 2.7.
% Encoding: ISO8859_1

@ARTICLE{dempster-etal-1977,
  author = {A. P. Dempster and N. M. Laird and D. B. Rubin},
  title = {Maximum likelihood from incomplete data via the {EM} algorithm},
  journal = {Journal of the Royal Statistical Society. Series B (Methodological)},
  year = {1977},
  volume = {39},
  pages = {1-38},
  owner = {jwindle},
  timestamp = {2012.08.02}
}

@ARTICLE{devroye-2009,
  author = {Luc Devroye},
  title = {Random variate generation for exponentially and polynomially tilted
	stable distributions},
  journal = {ACM Transactions on Modeling and Computer Simulation},
  year = {2009},
  volume = {19},
  pages = {18:1-18:20},
  number = {4},
  month = {October},
  note = {Article number 18},
  owner = {jwindle},
  timestamp = {2012.08.03}
}

@ARTICLE{robert-1995,
  author = {Christian Robert},
  title = {Simulation of truncated normal variables},
  journal = {Statistics and Computing},
  year = {1995},
  volume = {5},
  pages = {121-125},
  owner = {jwindle},
  timestamp = {2012.09.17}
}

@ARTICLE{stein-keblis-2009,
  author = {William E. Stein and Matthew F. Keblis},
  title = {A new method to simulate the triangular distribution},
  journal = {Mathematical and Computer Modeling},
  year = {2009},
  volume = {49},
  pages = {1143-1147},
  owner = {jwindle},
  timestamp = {2012.08.02}
}

@comment{jabref-meta: selector_review:}

@comment{jabref-meta: selector_publisher:}

@comment{jabref-meta: selector_author:}

@comment{jabref-meta: selector_journal:}

@comment{jabref-meta: selector_keywords:}

